Automatically generated by Mendeley Desktop 1.19.8
Any changes to this file will be lost if it is regenerated by Mendeley.

BibTeX export options can be customized via Options -> BibTeX in Mendeley Desktop

@article{Yu2020,
author = {Yu, Ping and Qiu, Huiye and Dai, Tingge and Cheng, Rui and Lian, Bin and Li, Weijun and Yu, Hui and Yang, Jianyi},
doi = {10.1109/JLT.2020.3024700},
file = {:C\:/Users/yuping/AppData/Local/Mendeley Ltd./Mendeley Desktop/Downloaded/Yu et al. - 2020 - Ultracompact channel add-drop filter based on single multimode nanobeam photonic crystal cavity.pdf:pdf},
issn = {0733-8724},
journal = {Journal of Lightwave Technology},
month = {jan},
number = {1},
pages = {162--166},
title = {{Ultracompact Channel Add-Drop Filter Based on Single Multimode Nanobeam Photonic Crystal Cavity}},
url = {https://ieeexplore.ieee.org/document/9200649/},
volume = {39},
year = {2021}
}